@article{a,
  author = {a},
  year = {2000},
  title = {t},
  url = {u}
}
@article{Crocoll,
  author = {William M. Crocoll},
  year = {2000},
  title = {Artificial Neural Network Portion of Coil Study},
  url = {http://www.liacs.nl/~putten/library/cc2000/CROCOL~1.pdf}
}
@article{Denicolay,
  author = {Gustavo Denicolay and Gaston Morales},
  year = {2000},
  title = {CoIL Challenge 2000 Submission for the Description Task},
  url = {http://www.liacs.nl/~putten/library/cc2000/DENICO~1.pdf}
}
@article{Elkan,
  author = {Charles Elkan},
  year = {2000},
  title = {CoIL Challenge 2000 Entry},
  institution = {University of California, San Diego},
  department = {Department of Computer Science and Engineering},
  address = {La Jolla, California, USA},
  url = {http://liacs.leidenuniv.nl/~puttenpwhvander/library/cc2000/ELKANP~1.pdf}
}
@article{Gamberger,
  author = {Dragan Gamberger},
  year = {2000},
  title = {Solution based on ILLM confirmation rule},
  url = {http://liacs.leidenuniv.nl/~puttenpwhvander/library/cc2000/GAMBER~1.pdf}
}
@article{Greenyer,
  author = {Andrew Greenyer},
  year = {2000},
  title = {Coil 2000 Competition. The use of a learning classifier system JXCS},
  url = {http://www.liacs.nl/~putten/library/cc2000/GREENY~1.pdf}
}
@article{Kim,
  author = {YongSeog Kim and W. Nick Street},
  year = {2000},
  title = {CoIL Challenge 2000: Choosing and Explaining Likely Caravan Insurance Customers},
  institution = {University of Iowa},
  department = {Management Sciences Department},
  address = {Iowa City, Iowa, USA},
  url = {http://liacs.leidenuniv.nl/~puttenpwhvander/library/cc2000/STREET~1.pdf}
}
@article{Koudijs,
  author = {Arnold Koudijs},
  year = {2000},
  title = {CoIL Challenge 2000 Submission for the Description Task},
  url = {http://www.liacs.nl/~putten/library/cc2000/KOUDIJ~1.pdf}
}
@article{Leckie,
  author = {Chris Leckie and Herman Ferra},
  year = {2000},
  title = {COIL Challenge 2000 Description Task},
  url = {http://www.liacs.nl/~putten/library/cc2000/LECKIE~1.pdf}
}
@article{Lewandowski,
  author = {Achim Lewandowski},
  year = {2000},
  title = {How to detect potential customers},
  url = {http://www.liacs.nl/~putten/library/cc2000/LEWAND~1.pdf}
}

@article{Putten,
  author = {Putten, Peter and Ruiter, Michel and Someren, Maarten},
  year = {2000},
  title = {CoIL Challenge 2000 Tasks and Results: Predicting and Explaining Caravan Policy Ownership}
}
@article{Seewald,
  author = {Alexander Seewald},
  year = {2000},
  title = {CoIL Challenge 2000 Submitted Solution},
  url = {http://www.liacs.nl/~putten/library/cc2000/SEEWAL~1.pdf}
}
@article{White,
  author = {A.P. White and W.Z. Liu},
  year = {2000},
  title = {The CoIL Challenge: an Application of Classification Trees with Bootstrap Aggregation},
  url = {http://www.liacs.nl/~putten/library/cc2000/WHITEP~1.pdf}
}
@Manual{R-base,
  title = {R: A Language and Environment for Statistical Computing},
  author = {{R Core Team}},
  organization = {R Foundation for Statistical Computing},
  address = {Vienna, Austria},
  year = {2019},
  url = {https://www.R-project.org/},
}
@Manual{R-papaja,
  author = {Frederik Aust and Marius Barth},
  title = {{papaja}: {Create} {APA} manuscripts with {R Markdown}},
  year = {2018},
  note = {R package version 0.1.0.9842},
  url = {https://github.com/crsh/papaja},
}
